% Mirza Shah
% Master's Thesis Bibliography (BibTeX)

%ROBOTIC DEVELOPMENT
 TOOLS
%-------------------------

%CITED!
@article{jackson:msrobotics,
title = "Microsoft Robotics Studio: A Technical Introduction - Standardizing Robotic Coordination and Control",
author = "Jared Jackson",
journal = "IEEE Robotics \& Automation Magazine",
month = "December",
year = "2007"
}

%CITED!
@techreport{newman:moos,
author = {Michael Newman},
title = {MOOS - A Mission Oriented Operating Suite},
school = {MIT Department of Ocean Engineering},
note = {Tech. Rep. OE2003-07},
year = {2003}
}

@article{eriksen:seaglider,
title = {Seaglider: A Long-Range Autonomous Underwater Vehicle for Oceanographic Research},
author = {Charles C. Eriksen and T. James Osse and Russell D. Light and Timothy Wen and Thomas W. Lehman and Peter L. Sabin and John W. Ballard and and Andrew M. Chiodi},
journal = {IEEE Journal of Oceanic Engineering},
volume = {26},
number = {4},
month = {October},
year = {2001}
}

@inproceedings{quigley:ros,
title = {ROS: An Open-source Robot Operating System},
author = {Morgan Quigley and Brian Gerkey and Ken Conley and Josh Faust and Tully Foote and Jeremy Leibs and Eric Berger and Rob Wheeler and Andrew Ng},
booktitle = {Open-source Software Workshop of the Int. Conf. on Robotics and Automation},
location = {Kobe, Japan},
year = {2009}
}

@inproceedings{sakagami:asimo,
title = {The Intelligent ASIMO: System Overview and Integration},
author = {Yoshiaki Sakagami and Ryujin Watanabe and Chiaki Aoyama and Shinichi Matsunaga and Nobuo Higaki and Kikuo Fujimura},
booktitle = {Proceedings of the 2002 IEEHRSJ International Conference on Intelligent Rotots and Systems},
location = {Lausanne, Switzerland},
month = {October},
year = {2002}
}


%COGNITIVE ARCHITECTURES
%-----------------------

%CITED!
@article{kieras:epic,
title = {An Overview of the EPIC Architecture for Cognition and Performance With Application to Human-Computer Interaction},
author = {David E. Kieras and David E. Meyer},
year = {1997},
journal = {Human-Computer Interaction},
volume = {12},
pages = {391 - 438}
}

@techreport{newell:gps,
author = {A. Newell and J.C. Shaw and H.A. Simon},
title = {A Variety of Intelligent Learning in a General Problem Solver},
organization = {The RAND Corporation},
year = {1959},
month = {July}
}

%CITED!
@inproceedings{laird:extendingsoar,
 author = {Laird, John E.},
 title = {Extending the Soar Cognitive Architecture},
 booktitle = {Proceeding of the 2008 conference on Artificial General Intelligence 2008: Proceedings of the First AGI Conference},
 year = {2008},
 isbn = {978-1-58603-833-5},
 pages = {224--235},
 numpages = {12},
 url = {http://portal.acm.org/citation.cfm?id=1566174.1566195},
 acmid = {1566195},
 publisher = {IOS Press},
 address = {Amsterdam, The Netherlands, The Netherlands},
 keywords = {Clustering, Cognitive Architecture, Emotion, Episodic Memory, Mental Imagery, Reinforcement Learning, Semantic Memory, Soar},
} 

%CITED!
@article{laird:soarmanual,
title = {The Soar User's Manual Version 9.1},
author = {John E. Laird and Clare Bates Congdon},
year = {2009}
}

%CITED!
@inproceedings{lehman:gentlesoarintro,
author = {Jill Fain Lehman and John Laird and Paul Rosenbloom},
title = {A gentle introduction to Soar, an architecture for human cognition},
booktitle = {In S. Sternberg \& D. Scarborough (Eds), Invitation to Cognitive Science},
year = {1996},
publisher = {MIT Press}
}

%CITED!
@article{vernon:surveyofcognitivesys,
title = {A Survey of Artificial Cognitive Systems: Implications for the Autonomous Development of Mental Capabilities in Computational Agent},
author = {David Vernon and Giorgio Metta and Giulio Sandini},
journal = {IEEE Transactions on Evolutionary Computation},
volume = {11},
month = {April},
year= {2007},
number = {2}
}

%CITED!
@article{anderson:actr,
author = {John R. Anderson and Michael Matessa and and Christian Lebiere},
title = {ACT-R: A Theory of Higher Level Cognition and Its Relation to Visual Attention},
year = {1997},
journal = {Human-Computer Interaction}
}

%CITED!
@article{anderson:acttheory,
author = {John R. Anderson},
title = {ACT: A Simple Theory of Complex Cognition},
year = {1996},
month = {April},
pages = {355-365},
journal = {American Psychologist},
volume = {51},
number = {4}
}


%AUTONOMOUS CONTROL
%--------------------

%CITED! (Talks about 3 layer hybrid architecture)
@article{alami:archforautonomy,
author = {R. Alami and R. Chatila and S. Fleury and M. Ghallab and F. Ingrand},
title = {An Architecture for Autonomy},
journal = {International Journal of Robotics Research},
month = {April},
volume = {17},
number = {4},
year = {1998}
}

%CITED! Seminal article on subsumption architecture
@article{brooks:subsumption,
author = {Rodney A. Brooks},
title = {A Robust Layered Control System for a Mobile Robot},
journal = {IEEE Journal of Robotics and Automation},
month = {March},
volume = {2},
number = {1},
year = {1986},
pages= {14-23}
}

%CITED! Article on CLARAty
@inproceedings{volpe:claraty,
author = {Richard Volpe and Issa Nesnas and Tara Estlin and Darren Mutz and Richard Petras and Hari Das},
title = {The CLARAty Architecture for Robotic Autonomy},
booktitle = {2001 IEEE Aerospace Conference Proceedings},
volume = {1},
pages ={1/121-1/132 vol 1},
year = {2001}
}

%UNUSED
@incollection{shanahan,
author = {Murray Shanahan and Mark Witkowski},
affiliation = {Imperial College Department of Electrical and Electronic Engineering Exhibition Road SW7 2BT London England},
title = {High-Level Robot Control through Logic},
booktitle = {Intelligent Agents VII Agent Theories Architectures and Languages},
series = {Lecture Notes in Computer Science},
editor = {Castelfranchi, Cristiano and Lespérance, Yves},
publisher = {Springer Berlin / Heidelberg},
isbn = {},
pages = {302-308},
volume = {1986},
url = {http://dx.doi.org/10.1007/3-540-44631-1_8},
note = {10.1007/3-540-44631-1_8},
year = {2001}
}

%CITED! Talks about 3 layer architecture histories
@inproceedings{gat:onthreelayer,
    author = {Erann Gat},
    title = {On Three-Layer Architectures},
    booktitle = {Artificial Intelligence and Mobile Robots},
    year = {1998},
    publisher = {MIT Press}
}

%UNUSED
@article{beetz:planbasedautonomy,
author = {Michael Beetz and Tom Arbuckle and Thorsten Belker and Armin B. Cremers and Dirk Schulz and Maren Beenwitz and Wolfram Burgard and Dirk Hahnel and Dieter Fox and Henrik Grosskerutz},
title = {Integrated, Plan-Based Control of Autonomous Robots in Human Environments},
journal = {IEEE Intelligent Systems},
month = {September/October},
volume = {16},
number = {5},
year = {2001},
pages ={56 - 65}
}

%UNUSED
@article{panosintrotoautonomous,
author = {Panos J. Antsaklis and Kevin M. Passino and S.J. Wang},
title = {An Introduction to Autonomous Control Systems},
journal = {IEEE Control Systems},
month = {June},
volume = {11},
number = {4},
year = {1991},
pages = {5 - 13}
}

%UNUSED
@article{amirlogicbasedsubsumption,
author = {Eyal Amir and Pedrito Maynard-Reid II},
title = "Logic-based Subsumption Architecture",
journal = "Artificial Intelligence",
volume = "153",
number = "1-2",
pages = "167 - 237",
year = "2004",
note = "Logical Formalizations and Commonsense Reasoning",
issn = "0004-3702",
doi = "DOI: 10.1016/j.artint.2003.07.001",
url = "http://www.sciencedirect.com/science/article/B6TYF-4B852H3-1/2/e79e4b86afbc23d4d00e98298897d673",
author = "Eyal Amir and Pedrito Maynard-Zhang",
keywords = "Cognitive robotics",
keywords = "Logical representations",
keywords = "Subsumption architecture"
}

%CITED!
@article{brooks:newapproach,
author = {Rodney A. Brooks},
title = {New Approaches to Robotics},
journal = {Science},
year = {1991},
month = {September},
day = {13},
volume = {253},
number = {5025},
pages = {1227-1232}
}

%UNUSED
@article{iocchireactivevsdeliberative,
author = {Luca Iocchi and Daniele Nardi and Massimiliano Salerno},
affiliation = {Università “La Sapienza” Dipartimento di Informatica e Sistemistica Via Salaria 113 00198 Roma Italy},
title = {Reactivity and Deliberation: A Survey on Multi-Robot Systems},
booktitle = {Balancing Reactivity and Social Deliberation in Multi-Agent Systems},
series = {Lecture Notes in Computer Science},
publisher = {Springer Berlin / Heidelberg},
isbn = {},
pages = {9-32},
volume = {2103},
url = {http://dx.doi.org/10.1007/3-540-44568-4_2},
note = {10.1007/3-540-44568-4_2},
year = {2001}
}


%DOMAIN-SPECIFIC LANGUAGES AND THINKING
%--------------------------------------

%CITED! Creating Domain Specific Languages
@article{mernik:whenhowdsl,
author = {Marjan Mernik and Jan Heering and Anthony M. Sloane},
title = {When and How to Develop Domain-Specific Languages},
journal = {ACM Computing Surveys},
month = {December},
year = {2005},
number = {4},
volume = {37},
pages = {316-344}
}

%CITED!
@inproceedings{heering:dslsoftwareeng,
author = {Jan Heering and Marjan Mernik},
year = {2002},
title = {Domain-Specific Languages for Software Engineering},
booktitle = {Proceedings of the 35th Hawaii International Conference on System Sciences}
}

%CITED!
@inproceedings{mauw:languagedrivendesign,
author = {S. Mawu and W.T. Wiersma and T.A.C. Willemse},
title = {Language-Driven System Design},
booktitle = {Proceedings of the 35th Hawaii International Conference on System Sciences},
year = {2002},
month = {January}
}

%UNUSED
@incollection {kutter:dslsoftwarelifecycle,
   author = {Philipp W. Kutter and Daniel Schweizer and Lothar Thiele},
   affiliation = {Federal Institute of Technology CH-8092 Zürich},
   title = {Integrating Domain Specific Language Design in the Software Life Cycle},
   booktitle = {Applied Formal Methods — FM-Trends 98},
   series = {Lecture Notes in Computer Science},
   editor = {Hutter, Dieter and Stephan, Werner and Traverso, Paolo and Ullmann, Markus},
   publisher = {Springer Berlin / Heidelberg},
   pages = {196-212},
   volume = {1641},
   year = {1999}
}

%UNUSED
@article {spinellis:dsldesignpatterns,
author = {Diomidis Spinellis},
title = {Notable design patterns for domain-specific languages},
journal = {The Journal of Systems and Software},
volume = {56},
year = {2001},
pages = {91-99}
}

%CITED 
@article {thies:microfluidic,
author = {William Thies and John Paul Urbanski and Todd Thorsen and Saman Amarasinghe},
affiliation = {Massachusetts Institute of Technology Computer Science and Artificial Intelligence Laboratory Room 32-G890, 32 Vassar, St. Cambridge MA 02139 USA},
title = {Abstraction Layers for Scalable Microfluidic Biocomputing},
journal = {Natural Computing},
publisher = {Springer Netherlands},
issn = {1567-7818},
keyword = {Biomedical and Li@article{carruthers:cogfunctionsoflanguage,
title = {The Cognitive Functions of Language},
author = {Peter Carruthers},
journal = {Behavioral and Brain Sciences},
year = {2002},
volume = {25},
pages = {657-726},
}
fe Sciences},
pages = {255-275},
volume = {7},
issue = {2},
url = {http://dx.doi.org/10.1007/s11047-006-9032-6},
note = {10.1007/s11047-006-9032-6},
year = {2008}
}

%CITED! Mind is Domain Specific
@article{cosmides:invisiblehand,
author = {Leda Cosmides and John Tooby},
title = {Better than Rational: Evolutionary Psychology and the Invisible Hand},
journal = {AEA Papers and Proceedings},
month = {May},
year = {1994},
volume = {84},
number = {2}
}

%CITED! More on mind domain specific
@article{cosmides:originsofdomainspecific,
author = {Leda Cosmides and John Tooby},
title = {Origins of Domain Specificity: The Evolution of Functional Organization},
notes = {From \textit{Mapping the Mind: Domain Specificity in Cognition and Culture} by L. Hirschfeld and S. Gelman, eds. 1994. New York: Cambridge University Press}
}

%CITED! Facial recognition is domain specific
@article{buchen:patchesforface,
author = {Lizzie Buchen},
title = {Patches for Faces},
journal = {Scientific American},
month = {December},
year = {2008}
}

%LANGUAGES FOR PLANNING AND AUTONOMY
%-----------------------------------
@conference{hewitt:planner,
author = {Carl Hewitt},
title = {Planner: A Language for Proving Theorems in Robots},
booktitle = {International Joint Conference on Artificial Intelligence},
year = {1971},
city = {London},
pages = {295-301},
}


%CITED!
@inproceedings{eberbach:CCL,
author = {Eugene Eberbach and Christiane N. Duarte and Christine Buzzell and Gerald R. Martel},
title = {A Portable Language for Control of Multiple Autonomous Vehicles and Distributed Problem Solving},
booktitle = {Proceedings of the 2nd International Conference on Computational Intelligence, Robotics and Autonomous Systems (CIRAS'03)},
year = {2003},
}

%CITED!
@inproceedings{konolige:colbert,
author = {Kurt Konolige},
title = {COLBERT: A Language for Reactive Control in Sapphira},
booktitle = {Proceedings of the 21st Annual German Conference on Artificial Intelligence: Advances in Artificial Intelligence},
year = {1997},
isbn = {3-540-63493-2},
pages = {31--52},
numpages = {22},
url = {http://portal.acm.org/citation.cfm?id=647617.731754},
acmid = {731754},
publisher = {Springer-Verlag},
address = {London, UK},
} 

%UNUSED
@inproceedings{davisautomatedparsing,
title = {Automated Parsing and Conversion of Vehicle-Specific Data into Autonomous Vehicle Control Language (AVCL) Using Context-Free Grammars and XML Data Binding},
author = {Duane T. Davis},
booktitle = {Proceedings of the 14th International Symposium on Unmanned Untethered Submersible Technology},
month = {August},
year = {2005},
city = {Durham, NH}
}

%CITED!
@TECHREPORT{mcdermott:rpl,
author = {Drew Mcdermott},
title = {A Reactive Plan Language},
institution = {},
year = {1993}
}

%CITED!
@inproceedings{gat:esl,
title = {ESL: A Language for Supporting Robust Plan Execution in Embedded Autonomous Agents},
author = {Erann Gat},
booktitle = {1997 IEEE Aersospace Conference Proceedings},
year = {1997},
month = {February},
volume = {1},
pages = {319 - 324 vol 1}
}

%CITED!
@inproceedings{peterson:frob,
author={Peterson, J. and Hager, G.D. and Hudak, P.}, 
booktitle={1999 IEEE International Conference on Robotics and Automation Proceedings. }, 
title={A Language for Declarative Robotic Programming}, 
year={1999}, 
month={}, 
volume={2}, 
number={}, 
pages={1144 -1151 vol.2}, 
keywords={Frob;declarative robotic programming;domain-specific embedded languages;functional robotics;high-level robot control language;robotic control program;high level languages;robot programming;software prototyping;software reusability;}, 
doi={10.1109/ROBOT.1999.772516}, 
ISSN={},
}

%CITED!
@inproceedings{simmons:tdl,
author={Simmons, R. and Apfelbaum, D.}, 
booktitle={Intelligent Robots and Systems, 1998. Proceedings., 1998 IEEE/RSJ International Conference on}, 
title={A Task Description Language for Robot Control}, 
year={1998}, 
month={oct}, 
volume={3}, 
number={}, 
pages={1931 -1937 vol.3}, 
keywords={C++;TDL;autonomous mobile robot;concurrent activity coordination;environment monitoring;exception handling;execution monitoring;platform-independent task management library;robot control;synchronization;task decomposition;task description language;task-level control;C++ language;C++ listings;exception handling;program interpreters;robot programming;synchronisation;}, 
doi={10.1109/IROS.1998.724883}, 
ISSN={},
}

%CITED!
@article{fikes:strips,
title = {STRIPS: A New Approach to the Application of Theorem Proving to Problem Solving},
journal = {Artificial Intelligence},
volume = {2},
number = {3-4},
pages = {189 - 208},
year = {1971},
note = {},
issn = {0004-3702},
doi = {DOI: 10.1016/0004-3702(71)90010-5},
author = {Richard E. Fikes and Nils J. Nilsson},
}

%CITED!
@inbook{fikes:stripsretrospective,
author = {Fikes, Richard E. and Nilsson, Nils J.},
title = {STRIPS, A Retrospective},
book = {Artificial intelligence in Perspective},
year = {1994},
isbn = {0-262-52186-5},
pages = {227--232},
numpages = {6},
url = {http://portal.acm.org/citation.cfm?id=190908.190948},
acmid = {190948},
publisher = {MIT Press},
address = {Cambridge, MA, USA},
} 

%CITED!
@inproceedings{mcdermott:pddl,
author = {D. Mcdermott},
title = {PDDL-the planning domain definition language},
booktitle = {Machine Intelligence},
year = {1998},
masid = {2024980}
}

%PLANNING
%----------------------

%UNUSED, NOAH Planner
@phdthesis{sacerdoti:astructureforplans,
  author = {Earl D. Sacerdoti},
  title = {A Structure for Plans and Behavior},
  school = {Stanford University},
  year = {1975},
  month = {August}
}

%
@inproceedings{backesautoplanrover, 
author={Backes, P.G. and Rabideau, G. and Tso, K.S. and Chien, S.}, 
booktitle={Proceedings of the 1999 IEEE International Conference on Robotics and Automation}, 
title={Automated Planning and Scheduling for Planetary Rover Distributed Operations}, 
year={1999}, 
month={}, 
volume={2}, 
number={}, 
pages={984 -991 vol.2}, 
keywords={ASPEN;Internet;Rocky7;WITS;Web Interface for Telescience;distributed;mobile robots;path planning;planetary rover;scheduling;Internet;aerospace computing;aerospace robotics;distributed control;mobile robots;path planning;scheduling;}, 
doi={10.1109/ROBOT.1999.772438}, 
ISSN={}
}

%?
@article{chienautoplangoalbased, 
author={Chien, S. and Smith, B. and Rabideau, G. and Muscettola, N. and Rajan, K.}, 
journal={IEEE Intelligent Systems and their Applications}, 
title={Automated Planning and Scheduling for Goal-based Autonomous Spacecraft}, 
year={1998}, 
month={September/October}, 
volume={13}, 
number={5}, 
pages={50 - 55}, 
keywords={NASA;artificial intelligence;goal-based autonomous spacecraft;planning;scheduling;spacecraft operations;symbolic AI;aerospace expert systems;planning (artificial intelligence);scheduling;space vehicles;}, 
doi={10.1109/5254.722362}, 
ISSN={1094-7167}
}

%?
@inproceedings{weldplanningagents,
title = {Planning-Based Control of Software Agents},
author = {Daniel S. Weld},
year = {1996},
booktitle = {Proceedings of the Third International Conference on Artificial Intelligence Planning Systems (AIPS)},
pages = {268-274}
}

%?
@inproceedings{georgeffreactivereasonplan,
author = {Georgeff, Michael P. and Lansky, Amy L.},
title = {Reactive reasoning and planning},
booktitle = {Proceedings of the sixth National conference on Artificial intelligence - Volume 2},
series = {AAAI'87},
year = {1987},
isbn = {0-934613-42-7},
location = {Seattle, Washington},
pages = {677--682},
numpages = {6},
url = {http://portal.acm.org/citation.cfm?id=1863766.1863818},
acmid = {1863818},
publisher = {AAAI Press},
} 

%?
@inproceedings{penberthy:temporalplan,
author = {Penberthy, J. Scott and Weld, Daniel S.},
title = {Temporal Planning with Continuous Change},
booktitle = {Proceedings of the twelfth national conference on Artificial intelligence (vol. 2)},
series = {AAAI'94},
year = {1994},
isbn = {0-262-61102-3},
location = {Seattle, Washington, United States},
pages = {1010--1015},
numpages = {6},
url = {http://portal.acm.org/citation.cfm?id=199480.199518},
acmid = {199518},
publisher = {American Association for Artificial Intelligence},
address = {Menlo Park, CA, USA},
} 

%SAPIR-WHORF HYPOTHESIS/LANGUAGE INTELLIGENCE
%--------------------------------------------
%CITED!
@article{carruthers:cogfunctionsoflanguage,
title = {The Cognitive Functions of Language},
author = {Peter Carruthers},
journal = {Behavioral and Brain Sciences},
year = {2002},
volume = {25},
pages = {657-726},
}

%CITED!
@article{bialystok-globallocal,
title = {Global-Local and Trail-Making Tasks by Monolingual and Bilingual Children: Beyond Inhibition},
author = {Ellen Bialystok},
journal = {Developmental Psychology},
year = {2010},
volume = {46},
number = {1},
pages = {93-105}
}

%CITED!
@article{bialystok-bilingualism,
title = {Language Acquisition and Bilingualism: Consequences for a Multilingual Society},
author = {Ellen Bialystok},
journal = {Applied Psycholinguistics},
volume = {28},
year = {2007},
pages = {393-397}
}

%CITED!
@article{craik-alzheimerbilingual,
title = {Delaying the Onset of Alzheimer Disease: Bilingualism as a Form of Cognitive Reserve},
author = {Fergus I.M. Craik and Ellen Bialystok and Morris Freedman},
journal = {Neurology},
month = {November},
year = {2010},
volume = {75},
number = {19}
}

%CITED!
@article {kay:sapirwhorf,
author = {Kay, Paul and Kempton, Willett},
title = {What Is the Sapir-Whorf Hypothesis?},
journal = {American Anthropologist},
volume = {86},
number = {1},
publisher = {Blackwell Publishing Ltd},
issn = {1548-1433},
url = {http://dx.doi.org/10.1525/aa.1984.86.1.02a00050},
doi = {10.1525/aa.1984.86.1.02a00050},
pages = {65--79},
year = {1984},
}

%CITED!
@article{colapinto:piraha,
title = {The Interpreter: Has a Remote Amazonian Tribe Upended our Understanding of Language?},
author = {John Colapinto},
journal = {The New Yorker},
month = {April},
day = {16},
year = {2007}
}

%CITED!
@article{vonbredow:livingwithoutnums,
title = {Brazil's Piraha Tribe: Living without Numbers or Time},
author = {Rafaela von Bredow},
year = {2006},
month = {May},
day = {3},
journal = {Spiegel Magazine}
}

%CITED!
@article{iverson:notationasatool,
author = {Iverson, Kenneth E.},
title = {Notation as a tool of thought},
journal = {Commun. ACM},
volume = {23},
issue = {8},
month = {August},
year = {1980},
issn = {0001-0782},
pages = {444--465},
numpages = {22},
url = {http://doi.acm.org/10.1145/358896.358899},
doi = {http://doi.acm.org/10.1145/358896.358899},
acmid = {358899},
publisher = {ACM},
address = {New York, NY, USA},
keywords = {APL, mathematical notation},
} 



%AI AND GENERAL FACTOIDS
%---------------------

%CITED! Physical Symbol Systems
@article{allennewell:symbolsystem,
author = {Allen Newell and Herbert Simon},
title = {Computer Science as Empirical Inquiry: Symbols and Search (1975 ACM Turing Award Lecture)},
journal = {Communications of the ACM},
month = {March},
year = {1976},
volume = {19},
number = {3}
}

%CITED! DoD mandate for 1/3 vehicles by 2010/2015
@inproceedings{roblaird:evolvingdodunmanned,
author = {Robin T. Laird},
title = {Evolving U.S. Department of Defense (DoD) Unmanned Systems Research, Development, Test, Acquisition \& Evaluation (RDTA\&E)},
booktitle = {Unmanned Systems Technology XI, Defense Security Symposium},
month = {April},
day = {28},
year = {2009},
volume = {7332}
}

%CITED! Roomba in Research
@inproceedings{tribelhorn:evaluateroomba, 
author={Tribelhorn, B. and Dodds, Z.}, 
booktitle={Robotics and Automation, 2007 IEEE International Conference on}, title={Evaluating the Roomba: A low-cost, ubiquitous platform for robotics research and education}, 
year={2007}, 
month={april}, 
volume={}, 
number={}, 
pages={1393 -1399}, 
keywords={FastSLAM;Monte Carlo localization;Roomba vacuum;robotics ducation;robotics research;spatial reasoning;ubiquitous platform;Monte Carlo methods;SLAM (robots);control engineering education;robots;}, 
doi={10.1109/ROBOT.2007.363179}, 
ISSN={1050-4729},
}

%CITED! OCaml 50% performance http://lwn.net/Articles/19378/
@ONLINE{leroy:ocaml,
author = {Alan Schmitt and Xavier Leroy},
title = {Coyote Gulch Test in Caml},
month = {January}
year = {2003},
url = {http://lwn.net/Articles/19378/}
}

%OODA Loop
@inproceedings{boyd:ooda,
    author  = "J. Boyd",
    title   = "A Discourse on Winning and Losing.",
    place   = "Maxwell Air Force Base, AL",
    booktitle = {Air University Library Document No. M-U 43947 (Briefing Slides)},
    year    = 1987
}

%PROCESS CALCULI
%---------------------

%CITED! Gives a history of different process algebras
@article{baeten:historyofprocessalg,
author = {J. C. M. Baeten},
title = {A Brief History of Process Algebra.},
journal = {Theoretical Computer Science},
volume = {335},
pages = {131-146},
year = {2005},
}

%TEXTBOOKS BELOW
%****************************************************
%****************************************************
%****************************************************
%AI Book, one of my primary references, everything in here
%planning, control, robotics, autonomy, reactive/deliberative, sapir whorf etc
@book{russellnorvig:ai,
author = {Stuart J. Russell and Peter Norvig},
title = {Artificial Intelligence: A Modern Approach: 3rd Edition},
year = {2010},
publisher = {Prentice Hall},
address = {Upper Saddle River, NJ, USA}
}

%CITED COMPLETELY
@book{sipser:computationtheory,
author = {Michael Sipser},
title = {Introduction to the Theory of Computation - Second Edition},
year = {2006},
publisher = {Thomson Course Technology},
}


%CITED COMPLETELY
@book{pierce:types,
author = {Benjamin C. Pierce},
title = {Types and Programming Languages},
year = {2002},
}

%CITED COMPLETELY
@book{sethi:proglang,
title = {Programming Languages: Concepts \& Constructs - Second Edition},
author = {Ravi Sethi},
publisher = { Addison-Wesley},
year = {1996}
}


%CITED COMPLETELY
@book{minksy:societyofmind,
author = {Marvin Lee Minsky},
title = {The Society of Mind},
year = {1986}
}


%CITED COMPLETELY
@book{arkin:behaviorbasedrobotics,
author = {Ronald C. Arkin},
title = {Behavior-Based Robotics},
year = {1998}
}

%CITED COMPLETELY
@book{newell:unifiedtheories,
author = {Allen Newell},
title = {Unified Theories of Cognition},
year = {1990}
}

%CITED COMPLETELY
@book{silberschatz:osconcepts,
author = {Abraham Silberschatz and Peter Baer Galvin and Greg Gagne},
title = {Operating System Concepts - Sixth Edition},
year = {2002},
address = {New York, NY, USA},
publisher = {John Wiley \& Sons},
}

